@article{Dean:Tail,
    author = {Dean, Jeffrey and Barroso, Luiz Andr{\'e}},
    title = {The Tail at Scale},
    journal = {Commun. ACM},
    issue_date = {February 2013},
    volume = {56},
    number = {2},
    month = feb,
    year = {2013},
    issn = {0001-0782},
    pages = {74--80},
    numpages = {7},
    url = {http://doi.acm.org/10.1145/2408776.2408794},
    doi = {10.1145/2408776.2408794},
    acmid = {2408794},
    publisher = {ACM},
    address = {New York, NY, USA}
}

@inproceedings{Do,
    author = {Do, Thanh and Hao, Mingzhe and Leesatapornwongsa, Tanakorn and
        Patana-anake, Tiratat and Gunawi, Haryadi S.},
    title = {Limplock: Understanding the Impact of Limpware on Scale-out Cloud
        Systems},
    booktitle = {Proceedings of the 4th Annual Symposium on Cloud Computing},
    series = {SOCC '13},
    year = {2013},
    isbn = {978-1-4503-2428-1},
    location = {Santa Clara, California},
    pages = {14:1--14:14},
    articleno = {14},
    numpages = {14},
    url = {http://doi.acm.org/10.1145/2523616.2523627},
    doi = {10.1145/2523616.2523627},
    acmid = {2523627},
    publisher = {ACM},
    address = {New York, NY, USA}
}

@inproceedings{Li,
    author = {Li, Runhui and Lee, Patrick P. C. and Hu, Yuchong},
    title = {Degraded-First Scheduling for MapReduce in Erasure-Coded Storage
        Clusters},
    booktitle = {Proceedings of the 2014 44th Annual IEEE/IFIP International
        Conference on Dependable Systems and Networks},
    series = {DSN '14},
    year = {2014},
    isbn = {978-1-4799-2233-8},
    pages = {419--430},
    numpages = {12},
    url = {http://dx.doi.org/10.1109/DSN.2014.47},
    doi = {10.1109/DSN.2014.47},
    acmid = {2672434},
    publisher = {IEEE Computer Society},
    address = {Washington, DC, USA},
}

@misc{SWIM,
    author = {Yanpei Chen, Sara Alspaugh, Archana Ganapathi, Rean Griffith,
        Randy Katz},
    title = {SWIM: Statistical Workload Injector for MapReduce},
    howpublished = "\url{https://github.com/SWIMProjectUCB/SWIM/wiki}",
    year = {2013},
    month = {February},
    note = {Hadoop Testing Framework},
}

@inproceedings{Tan,
    author = {Tan, Jiaqi and Pan, Xinghao and Kavulya, Soila and Gandhi, Rajeev
        and Narasimhan, Priya},
    title = {Mochi: Visual Log-analysis Based Tools for Debugging Hadoop},
    booktitle = {Proceedings of the 2009 Conference on Hot Topics in Cloud
        Computing},
    series = {HotCloud'09},
    year = {2009},
    location = {San Diego, California},
    articleno = {18},
    url = {http://dl.acm.org/citation.cfm?id=1855533.1855551},
    acmid = {1855551},
    publisher = {USENIX Association},
    address = {Berkeley, CA, USA},
}

@inproceedings{Fan,
    author = {Fan, Bin and Tantisiriroj, Wittawat and Xiao, Lin and Gibson,
        Garth},
    title = {DiskReduce: RAID for Data-intensive Scalable Computing},
    booktitle = {Proceedings of the 4th Annual Workshop on Petascale Data
        Storage},
    series = {PDSW '09},
    year = {2009},
    isbn = {978-1-60558-883-4},
    location = {Portland, Oregon},
    pages = {6--10},
    numpages = {5},
    url = {http://doi.acm.org/10.1145/1713072.1713075},
    doi = {10.1145/1713072.1713075},
    acmid = {1713075},
    publisher = {ACM},
    address = {New York, NY, USA},
}

@inproceedings{Calder,
    author = {Calder, Brad and Wang, Ju and Ogus, Aaron and Nilakantan,
        Niranjan and Skjolsvold, Arild and McKelvie, Sam and Xu, Yikang and
            Srivastav, Shashwat and Wu, Jiesheng and Simitci, Huseyin and
            Haridas, Jaidev and Uddaraju, Chakravarthy and Khatri, Hemal and
            Edwards, Andrew and Bedekar, Vaman and Mainali, Shane and Abbasi,
        Rafay and Agarwal, Arpit and Haq, Mian Fahim ul and Haq, Muhammad Ikram
            ul and Bhardwaj, Deepali and Dayanand, Sowmya and Adusumilli,
        Anitha and McNett, Marvin and Sankaran, Sriram and Manivannan, Kavitha
            and Rigas, Leonidas},
    title = {Windows Azure Storage: A Highly Available Cloud Storage Service
        with Strong Consistency},
    booktitle = {Proceedings of the Twenty-Third ACM Symposium on Operating
        Systems Principles},
    series = {SOSP '11},
    year = {2011},
    isbn = {978-1-4503-0977-6},
    location = {Cascais, Portugal},
    pages = {143--157},
    numpages = {15},
    url = {http://doi.acm.org/10.1145/2043556.2043571},
    doi = {10.1145/2043556.2043571},
    acmid = {2043571},
    publisher = {ACM},
    address = {New York, NY, USA},
    keywords = {Windows Azure, cloud storage, distributed storage
        systems},
}

@inproceedings{Huang,
    author = {Huang, Cheng and Simitci, Huseyin and Xu, Yikang and Ogus, Aaron
        and Calder, Brad and Gopalan, Parikshit and Li, Jin and Yekhanin,
        Sergey},
    title = {Erasure Coding in Windows Azure Storage},
    booktitle = {Proceedings of the 2012 USENIX Conference on Annual
        Technical Conference},
    series = {USENIX ATC'12},
    year = {2012},
    location = {Boston, MA},
    pages = {2--2},
    numpages = {1},
    url = {http://dl.acm.org/citation.cfm?id=2342821.2342823},
    acmid = {2342823},
    publisher = {USENIX Association},
    address = {Berkeley, CA, USA},
}

@misc{HDFS-Raid,
    title = {HDFS RAID},
    howpublished = {\url{http://wiki.apache.org/hadoop/HDFS-RAID}},
}

@misc{HDFS-EC:Design,
    title = {HDFS Erasure Coding},
    organization = {Apache},
    howpublished = {\url{https://issues.apache.org/jira/secure/attachment/12697210/HDFSErasureCodingDesign-20150206.pdf}},
    edition = {v2015.2.6},
    month = {February},
    year = {2015},
}

@inproceedings{Sathiamoorthy,
    author = {Sathiamoorthy, Maheswaran and Asteris, Megasthenis and
        Papailiopoulos, Dimitris and Dimakis, Alexandros G. and Vadali,
        Ramkumar and Chen, Scott and Borthakur, Dhruba},
    title = {XORing elephants: novel erasure codes for big data},
    booktitle = {Proceedings of the 39th international conference on Very
        Large Data Bases},
    series = {PVLDB'13},
    year = {2013},
    location = {Trento, Italy},
    pages = {325--336},
    numpages = {12},
    url = {http://dl.acm.org/citation.cfm?id=2488335.2488339},
    acmid = {2488339},
    publisher = {VLDB Endowment},
}

@misc{Emulab,
    title = {Emulab Testbed},
    howpublished = {\url{http://www.emulab.net}},
}

@article{Reed,
    jstor_articletype = {research-article},
    title = {Polynomial Codes Over Certain Finite Fields},
    author = {Reed, I. S. and Solomon, G.},
    journal = {Journal of the Society for Industrial and Applied Mathematics},
    jstor_issuetitle = {},
    volume = {8},
    number = {2},
    jstor_formatteddate = {Jun., 1960},
    pages = {pp. 300-304},
    url = {http://www.jstor.org/stable/2098968},
    ISSN = {03684245},
    abstract = {},
    language = {English},
    year = {1960},
    publisher = {Society for Industrial and Applied Mathematics},
    copyright = {Copyright Â© 1960 Society for Industrial and Applied Mathematics},
}

@misc{Reducer,
    title = {Hadoop Reducer API Doc},
    howpublished = {\url{http://hadoop.apache.org/docs/current/api/org/apache/hadoop/mapreduce/Reducer.html}},
}

@misc{Hadoop,
    title = {Apache Hadoop},
    howpublished = {\url{https://hadoop.apache.org/}},
}

@misc{Hadoop:0.23.11,
    title = {Apache Hadoop 0.23.11},
    howpublished = {\url{https://hadoop.apache.org/docs/r0.23.11/}},
}

@article{Dean:SpecExec,
    author = {Dean, Jeffrey and Ghemawat, Sanjay},
    title = {MapReduce: Simplified Data Processing on Large Clusters},
    journal = {Commun. ACM},
    issue_date = {January 2008},
    volume = {51},
    number = {1},
    month = jan,
    year = {2008},
    issn = {0001-0782},
    pages = {107--113},
    numpages = {7},
    url = {http://doi.acm.org/10.1145/1327452.1327492},
    doi = {10.1145/1327452.1327492},
    acmid = {1327492},
    publisher = {ACM},
    address = {New York, NY, USA},
}

@misc{HDFS-Arch,
    title = {HDFS Architecture},
    howpublished = {\url{http://hadoop.apache.org/docs/r0.23.11/hadoop-project-dist/hadoop-hdfs/HdfsDesign.html}},
}

@inproceedings{Xia,
    author = {Xia, Huaxia and Chien, Andrew A.},
    title = {RobuSTore: A Distributed Storage Architecture with Robust and High Performance},
    booktitle = {Proceedings of the 2007 ACM/IEEE Conference on Supercomputing},
    series = {SC '07},
    year = {2007},
    isbn = {978-1-59593-764-3},
    location = {Reno, Nevada},
    pages = {44:1--44:11},
    articleno = {44},
    numpages = {11},
    url = {http://doi.acm.org/10.1145/1362622.1362682},
    doi = {10.1145/1362622.1362682},
    acmid = {1362682},
    publisher = {ACM},
    address = {New York, NY, USA},
}
